<record><leader>00000cas a22000007a 4500</leader><controlfield tag="001">19877403</controlfield><controlfield tag="008">890615c19719999mauwr ne      0    0eng d</controlfield><datafield ind1=" " ind2=" " tag="010"><subfield code="a">sn 89062077 </subfield></datafield><datafield ind1=" " ind2=" " tag="040"><subfield code="a">MGN</subfield><subfield code="b">eng</subfield><subfield code="c">MGN</subfield><subfield code="d">OCL</subfield><subfield code="d">OCLCQ</subfield></datafield><datafield ind1=" " ind2=" " tag="019"><subfield code="a">16644907</subfield></datafield><datafield ind1=" " ind2=" " tag="042"><subfield code="a">msc</subfield></datafield><datafield ind1="0" ind2=" " tag="130"><subfield code="a">Chronicle (Dartmouth, Mass.)</subfield></datafield><datafield ind1="1" ind2="4" tag="245"><subfield code="a">The chronicle.</subfield></datafield><datafield ind1="1" ind2="3" tag="246"><subfield code="a">Dartmouth chronicle</subfield></datafield><datafield ind1=" " ind2=" " tag="260"><subfield code="a">Dartmouth, Mass. :</subfield><subfield code="b">Warren G. Hathaway</subfield></datafield><datafield ind1=" " ind2=" " tag="300"><subfield code="a">v.</subfield></datafield><datafield ind1=" " ind2=" " tag="310"><subfield code="a">Weekly</subfield></datafield><datafield ind1="0" ind2=" " tag="362"><subfield code="a">Jan. 14, 1971-</subfield></datafield><datafield ind1=" " ind2=" " tag="515"><subfield code="a">Volume numbering begins with Jan. 21, 1971 issue as v. 7, no. 3.</subfield></datafield><datafield ind1=" " ind2=" " tag="752"><subfield code="a">United States</subfield><subfield code="b">Massachusetts</subfield><subfield code="c">Bristol</subfield><subfield code="d">Dartmouth.</subfield></datafield><datafield ind1="0" ind2="0" tag="780"><subfield code="t">New Dartmouth chronicle</subfield><subfield code="w">(DLC)sn 89062078</subfield></datafield><datafield ind1="1" ind2=" " tag="029"><subfield code="a">AU@</subfield><subfield code="b">000025849742</subfield></datafield></record>